<?xml version="1.0" encoding="UTF-8"?><collection><record><leader>06278ntm a2200685 a 4500</leader><controlfield tag="001">006819216</controlfield><controlfield tag="003">MiAaHDL</controlfield><controlfield tag="005">20190719000000.0</controlfield><controlfield tag="006">m        d        </controlfield><controlfield tag="007">cr bn ---auaua</controlfield><controlfield tag="008">090616s193u    xx            00| ||ara d</controlfield><datafield tag="035" ind1=" " ind2=" "><subfield code="a">(MiU)006819216</subfield></datafield><datafield tag="035" ind1=" " ind2=" "><subfield code="a">sdr-miu006819216</subfield></datafield><datafield tag="040" ind1=" " ind2=" "><subfield code="a">MiU</subfield><subfield code="c">MiU</subfield><subfield code="e">amremm</subfield></datafield><datafield tag="043" ind1=" " ind2=" "><subfield code="a">n-us-mi</subfield></datafield><datafield tag="100" ind1="1" ind2=" "><subfield code="6">880-01</subfield><subfield code="a">Ibn Abī Jumhūr al-Aḥsāʼī, Muḥammad ibn ʻAlī,</subfield><subfield code="d">-approximately 1473.</subfield></datafield><datafield tag="240" ind1="1" ind2="0"><subfield code="6">880-02</subfield><subfield code="a">Mujlī</subfield></datafield><datafield tag="245" ind1="1" ind2="0"><subfield code="6">880-03</subfield><subfield code="a">Hādhā huwa al-Kitāb al-maʻrūf bi-al-Mujlī al-mawsūm bi-Maslak al-afhām wa-al-Nūr al-munjī min al-ẓalām,</subfield><subfield code="f">[193-?].</subfield></datafield><datafield tag="246" ind1="3" ind2="8"><subfield code="a">ملك الافهام</subfield></datafield><datafield tag="246" ind1="3" ind2=" "><subfield code="6">880-05</subfield><subfield code="i">Title from preface on p.1 and in GAL:</subfield><subfield code="a">مجلي</subfield></datafield><datafield tag="246" ind1="3" ind2=" "><subfield code="a">Maslak al-afhām</subfield></datafield><datafield tag="246" ind1="3" ind2=" "><subfield code="i">Title from inscription in pencil on p.1:</subfield><subfield code="a">مسلك الافهام</subfield></datafield><datafield tag="260" ind1=" " ind2=" "><subfield code="c">[193-?].</subfield></datafield><datafield tag="300" ind1=" " ind2=" "><subfield code="a">94 leaves :</subfield><subfield code="b">paper ;</subfield><subfield code="c">310-312 x 215 mm. bound to 321 x 218 mm.</subfield></datafield><datafield tag="500" ind1=" " ind2=" "><subfield code="a">Shelfmark: Ann Arbor, University of Michigan, Special Collections Library, Isl. Ms. 921</subfield></datafield><datafield tag="500" ind1=" " ind2=" "><subfield code="a">Origin: Lacks dated colophon ; likely copied in Egypt in the late 1930s and bound for James Heyworth-Dunne (d.1974). Copy likely made from the lithograph edition by Aḥmad al-Shīrāzī (Tehran 1329/1911).</subfield></datafield><datafield tag="500" ind1=" " ind2=" "><subfield code="a">Former shelfmark: Mich. Isl. Ms. temp. no. 70</subfield></datafield><datafield tag="500" ind1=" " ind2=" "><subfield code="a">Binding: Boards covered in dark green cloth with dark green leather over spine (quarter binding) ; pastedowns and flyleaves in wove paper printed with a floral vegetal pattern in green ; spine gold-stamped with title and decorative accents over raised bands "ملك [كذا] | الافهام | ابن جمهور | J.H.D." ; sewing difficult to examine ; stuck-on endbands (blue and white stripe) ; overall in fairly good condition.</subfield></datafield><datafield tag="500" ind1=" " ind2=" "><subfield code="a">Support: Lined / ruled wove paper of at least two types (one cream in color, one beige in color).</subfield></datafield><datafield tag="500" ind1=" " ind2=" "><subfield code="a">Decoration: Occasional overlining ; passage on p.69 supplied in contrasting lavender ink.</subfield></datafield><datafield tag="500" ind1=" " ind2=" "><subfield code="a">Script: Ruqʻah ; quick, compact hand in a medium to bold line ; serifless and freely ligatured with mainly closed counters, slight effect of inclination to the right, pointing somewhat careless and in strokes rather than distinct dots.</subfield></datafield><datafield tag="500" ind1=" " ind2=" "><subfield code="a">Layout: Written mainly in 27-28 lines per page.</subfield></datafield><datafield tag="500" ind1=" " ind2=" "><subfield code="a">Collation: Pagination in pencil, Western numerals, supplied during digitization.</subfield></datafield><datafield tag="500" ind1=" " ind2=" "><subfield code="a">Explicit: "والجمل التي جوز ان تكون كل واحدة منها غير متناهية لا بد ان يكون تأليفها من علل ومعلومات"</subfield></datafield><datafield tag="500" ind1=" " ind2=" "><subfield code="a">Incipit: "الحمد لله الذي تجلى لذاته بذاته ... اما بعد فهذا هو الكتاب المسمى بمسلك الافهام والنور المنجي من الظلام المعروف بمجلي المشتمل على الاصول اليقينية والمنازل العرفانية ... المنسوب الى امام السالكين وقطب الموحدين محمد بن الشيخ زين الدين ابي الحسن بن حسام الدين بن ابراهيم ابن ابي الجمهور الهجري الاحساوي المعروف بابن ابي جمهور ... هذا هو الكتاب المعروف بالمجلي الموسوم بمسلك الافهام والنور المنجي من الظلام المنسوب الى رئيس المحققين والموحدين المعروف بابن ابي جمهور الاحسائي ... بسم الله الرحمن الرحيم اللهم يا ذا المن الجسيم والطول العظيم والشأن القويم والامر الحكيم ..."</subfield></datafield><datafield tag="500" ind1=" " ind2=" "><subfield code="a">Title from heading on incipit page (p.1).</subfield></datafield><datafield tag="500" ind1=" " ind2=" "><subfield code="a">Ms. codex.</subfield></datafield><datafield tag="510" ind1="4" ind2=" "><subfield code="a">Muḥammad ibn ʻAlī ibn Abī Jumhūr al-Aḥsāʼī. Mujlī mirʼāt al-munjī fī al-kalām wa-al-ḥikmatayn wa-al-taṣawwuf. Reprint of lithograph edition by Aḥmad al-Shīrāzī, ed. Sabine Schmidtke. Tihrān, 2008.</subfield></datafield><datafield tag="510" ind1="4" ind2=" "><subfield code="a">Madelung, W. "Ibn ABĪ ḎJ̲UMHŪR al-AḤSĀʾĪ, Muḥammad b. ʿAlī b. Ibrāhīm b. Ḥasan b. Ibrāhīm b. Ḥasan al-Had̲j̲arī." in EI2,</subfield><subfield code="c">vol. XII, p.380, col.1</subfield></datafield><datafield tag="510" ind1="4" ind2=" "><subfield code="a">Āghā Buzurg al-Ṭihrānī. al-Dharīʻah ilá taṣānīf al-Shīʻah,</subfield><subfield code="c">no.1726 vol.20 p.13</subfield></datafield><datafield tag="510" ind1="4" ind2=" "><subfield code="a">Brockelmann, C. GAL,</subfield><subfield code="c">S II 272</subfield></datafield><datafield tag="520" ind1="8" ind2=" "><subfield code="a">Careful (though apparently incomplete) copy of Ibn Abī Jumhūr's (d. after 1499) Kitāb al-Mujlī or Mujlī mirʼāt al-Nūr al-munjī, a supercommentary upon his own kalām work, Maslak al-afhām fī ʻilm al-kalām and its commentary, al-Nūr al-munjī min al-ẓalām.</subfield></datafield><datafield tag="538" ind1=" " ind2=" "><subfield code="a">Mode of access: Internet.</subfield></datafield><datafield tag="541" ind1=" " ind2=" "><subfield code="a">Acquired in the Fall of 1950.</subfield></datafield><datafield tag="546" ind1=" " ind2=" "><subfield code="a">Arabic.</subfield></datafield><datafield tag="561" ind1=" " ind2=" "><subfield code="a">On upper pastedown label with ex libris of James Heyworth-Dunne (d.1974), stamped with inventory number, "Ex Libris | J. Heyworth-Dunne | D. Lit. (London) | No 7962" ; UM Library inscription on p.3 "Dunning | Heyworth-Dunne | 6-11-51 | 71955" ; possible former inventory mark "231/53" in pencil on verso of final leaf (p.188) ; marginal glosses.</subfield></datafield><datafield tag="600" ind1="1" ind2="0"><subfield code="a">Ibn Abī Jumhūr al-Aḥsāʼī, Muḥammad ibn ʻAlī,</subfield><subfield code="d">d. ca. 1473.</subfield><subfield code="t">Nūr al-munjī min al-ẓalām.</subfield></datafield><datafield tag="650" ind1=" " ind2="0"><subfield code="a">Manuscripts, Arabic</subfield><subfield code="z">Michigan</subfield><subfield code="z">Ann Arbor.</subfield></datafield><datafield tag="650" ind1=" " ind2="0"><subfield code="a">Sufism</subfield><subfield code="v">Early works to 1800.</subfield></datafield><datafield tag="650" ind1=" " ind2="0"><subfield code="a">Islamic philosophy</subfield><subfield code="v">Early works to 1800.</subfield></datafield><datafield tag="650" ind1=" " ind2="0"><subfield code="a">Shīʻah</subfield><subfield code="x">Doctrines</subfield><subfield code="v">Early works to 1800.</subfield></datafield><datafield tag="650" ind1=" " ind2="0"><subfield code="a">Islam</subfield><subfield code="x">Doctrines</subfield><subfield code="v">Early works to 1800.</subfield></datafield><datafield tag="700" ind1="1" ind2=" "><subfield code="6">880-07</subfield><subfield code="a">Ibn Abī Jumhūr al-Aḥsāʼī, Muḥammad ibn ʻAlī,</subfield><subfield code="d">-approximately 1473.</subfield><subfield code="t">Maslak al-afhām.</subfield></datafield><datafield tag="700" ind1="1" ind2=" "><subfield code="a">Heyworth-Dunne, J.</subfield><subfield code="q">(James),</subfield><subfield code="e">former owner.</subfield></datafield><datafield tag="773" ind1="0" ind2=" "><subfield code="a">Heyworth-Dunne Collection.</subfield></datafield><datafield tag="880" ind1="1" ind2=" "><subfield code="6">700-07/</subfield><subfield code="a">ابن ابي جمهور الاحسائي، محمد بن علي.</subfield><subfield code="t">مسلك الافهام.</subfield></datafield><datafield tag="880" ind1="3" ind2=" "><subfield code="6">246-05/</subfield><subfield code="a">Mujallī</subfield></datafield><datafield tag="880" ind1="1" ind2="0"><subfield code="6">245-03/</subfield><subfield code="a">هذا هو الكتاب المعروف بالمجلي الموسوم بمسلك الافهام والنور المنجي من الظلام،</subfield><subfield code="f">[193-م؟].</subfield></datafield><datafield tag="880" ind1="1" ind2="0"><subfield code="6">240-02/</subfield><subfield code="a">مجلي</subfield></datafield><datafield tag="880" ind1="1" ind2=" "><subfield code="6">100-01/</subfield><subfield code="a">ابن ابي جمهور الاحسائي، محمد بن علي.</subfield></datafield><datafield tag="CID" ind1=" " ind2=" "><subfield code="a">006819216</subfield></datafield><datafield tag="DAT" ind1="0" ind2=" "><subfield code="a">20190719102639.0</subfield><subfield code="b">20190719000000.0</subfield></datafield><datafield tag="DAT" ind1="1" ind2=" "><subfield code="a">20190719090653.0</subfield><subfield code="b">2019-07-19T16:12:14Z</subfield></datafield><datafield tag="DAT" ind1="2" ind2=" "><subfield code="a">2015-10-02T18:00:03Z</subfield></datafield><datafield tag="CAT" ind1=" " ind2=" "><subfield code="a">SDR-MIU</subfield><subfield code="d">EX LIBRIS - ALEPH</subfield><subfield code="l">prepare.pl-004-008</subfield></datafield><datafield tag="FMT" ind1=" " ind2=" "><subfield code="a">BK</subfield></datafield><datafield tag="HOL" ind1=" " ind2=" "><subfield code="0">sdr-miu006819216</subfield><subfield code="a">MiU</subfield><subfield code="b">SDR</subfield><subfield code="c">MIU</subfield><subfield code="p">mdp.39015079130368</subfield><subfield code="s">MIU</subfield><subfield code="1">006819216</subfield></datafield><datafield tag="974" ind1=" " ind2=" "><subfield code="b">MIU</subfield><subfield code="c">MIU</subfield><subfield code="d">20190719</subfield><subfield code="s">lit-dlps-dc</subfield><subfield code="u">mdp.39015079130368</subfield><subfield code="y">1939</subfield><subfield code="r">ic-world</subfield><subfield code="q">man</subfield></datafield></record></collection>